<?xml version="1.0" encoding="UTF-8"?><collection xmlns="http://www.loc.gov/MARC21/slim"><record><leader>00395nam--2200145-i-4500</leader><controlfield tag="001">000023344</controlfield><controlfield tag="002">20161230</controlfield><controlfield tag="005">20161230201035</controlfield><controlfield tag="008">060222s1000------------r-----000-0-eng-d</controlfield><datafield ind1=" " ind2=" " tag="020"><subfield code="a">98</subfield></datafield><datafield ind1=" " ind2=" " tag="100"><subfield code="a">Hautojaravi, P. And Jauho, P</subfield></datafield><datafield ind1=" " ind2=" " tag="245"><subfield code="a">Positron annihilation in deformed copper</subfield></datafield><datafield ind1=" " ind2=" " tag="260"><subfield code="a">Helsinki, F.Ed. 1973. 20 P</subfield></datafield><datafield ind1=" " ind2=" " tag="490"><subfield code="a">Phisics Including Nucleonics Series</subfield></datafield><datafield ind1=" " ind2=" " tag="852"><subfield code="a">539.124.6.134</subfield></datafield></record></collection>